<record><leader>00000cas a22000007a 4500</leader><controlfield tag="001">9833618</controlfield><controlfield tag="008">830822c19739999vauwr ne      0   a0eng d</controlfield><datafield ind1=" " ind2=" " tag="010"><subfield code="a">sn 83008558 </subfield></datafield><datafield ind1=" " ind2=" " tag="040"><subfield code="a">NSD</subfield><subfield code="b">eng</subfield><subfield code="c">NSD</subfield><subfield code="d">NVK</subfield><subfield code="d">OCLCQ</subfield><subfield code="d">OCLCF</subfield><subfield code="d">OCLCO</subfield></datafield><datafield ind1=" " ind2=" " tag="012"><subfield code="m">1</subfield></datafield><datafield ind1="1" ind2=" " tag="022"><subfield code="a">0746-1798</subfield><subfield code="l">0746-1798</subfield><subfield code="2">1</subfield></datafield><datafield ind1="1" ind2=" " tag="029"><subfield code="a">AU@</subfield><subfield code="b">000020419452</subfield></datafield><datafield ind1=" " ind2=" " tag="032"><subfield code="a">701690</subfield><subfield code="b">USPS</subfield></datafield><datafield ind1=" " ind2=" " tag="037"><subfield code="b">ABM Enterprises, P.O. Box 123, Amelia, Va. 23002</subfield></datafield><datafield ind1=" " ind2=" " tag="042"><subfield code="a">nsdp</subfield></datafield><datafield ind1="0" ind2=" " tag="130"><subfield code="a">Amelia bulletin monitor (Amelia Court House, Va.)</subfield></datafield><datafield ind1=" " ind2="4" tag="222"><subfield code="a">The Amelia bulletin monitor</subfield></datafield><datafield ind1="0" ind2="4" tag="245"><subfield code="a">The Amelia bulletin monitor.</subfield></datafield><datafield ind1=" " ind2=" " tag="260"><subfield code="a">Amelia C.H., Va. :</subfield><subfield code="b">ABM Enterprises</subfield></datafield><datafield ind1=" " ind2=" " tag="310"><subfield code="a">Weekly</subfield></datafield><datafield ind1="0" ind2=" " tag="362"><subfield code="a">Vol. 1, no. 1 (March 22, 1973)-</subfield></datafield><datafield ind1=" " ind2=" " tag="500"><subfield code="a">Editor: Ann B. Morris, &lt;1986&gt;</subfield></datafield><datafield ind1=" " ind2="0" tag="651"><subfield code="a">Amelia Court House (Va.)</subfield><subfield code="v">Newspapers.</subfield></datafield><datafield ind1=" " ind2="7" tag="655"><subfield code="a">Newspapers.</subfield><subfield code="2">fast</subfield><subfield code="0">(OCoLC)fst01423814</subfield></datafield><datafield ind1=" " ind2="7" tag="651"><subfield code="a">Virginia</subfield><subfield code="z">Amelia Court House.</subfield><subfield code="2">fast</subfield><subfield code="0">(OCoLC)fst01882041</subfield></datafield><datafield ind1=" " ind2=" " tag="752"><subfield code="a">United States</subfield><subfield code="b">Virginia</subfield><subfield code="c">Amelia</subfield><subfield code="d">Amelia Court House.</subfield></datafield></record>